%%% ====================================================================
%%%  BibTeX-file{
%%%     author          = "David Rhead",
%%%     version         = "1.00",
%%%     date            = "17 Feb 1990",
%%%     time            = "17:00 GMT",
%%%     filename        = "test.bib",
%%%     address         = "Cripps Computing Centre,
%%%                        University of Nottingham,
%%%                        University Park,
%%%                        Nottingham,
%%%                        NG7 2RD,
%%%                        United Kingdom",
%%%     telephone       = "+44 602 484848 Ext 2670",
%%%     FAX             = "+44 602 588138",
%%%     checksum        = "05151 839 2908 25082",
%%%     email           = "David_Rhead at uk.ac.nott.vme (JANET)",
%%%     codetable       = "ISO/ASCII",
%%%     keywords        = "bibliography, citation, references",
%%%     supported       = "no",
%%%     docstring       = "This BibTeX database file contains entries
%%%                        designed for testing whether a BibTeX style
%%%                        file lays references out as recommended by
%%%                        certain authorities.  (Note, however, that
%%%                        the BS 1629 examples are from the 1976
%%%                        edition.  The file needs updating to use
%%%                        examples from the 1989 edition instead.)
%%%
%%%                        The checksum field above contains a CRC-16
%%%                        checksum as the first value, followed by the
%%%                        equivalent of the standard UNIX wc (word
%%%                        count) utility output of lines, words, and
%%%                        characters.  This is produced by Robert
%%%                        Solovay's checksum utility.",
%%%  }
%%% ====================================================================


%% @COMMENT{Some standard works describing conventions for citations
%%      and bibliographies}



@article{w2v,
  author    = {Tomas Mikolov and
               Kai Chen and
               Greg Corrado and
               Jeffrey Dean},
  title     = {Efficient Estimation of Word Representations in Vector Space},
  journal   = {CoRR},
  volume    = {abs/1301.3781},
  year      = {2013},
  url       = {http://arxiv.org/abs/1301.3781},
  archivePrefix = {arXiv},
  eprint    = {1301.3781},
  timestamp = {Wed, 07 Jun 2017 14:42:25 +0200},
  biburl    = {https://dblp.org/rec/bib/journals/corr/abs-1301-3781},
  bibsource = {dblp computer science bibliography, https://dblp.org}
}

@inproceedings{glove,
  added-at = {2016-02-18T12:02:38.000+0100},
  author = {Pennington, Jeffrey and Socher, Richard and Manning, Christopher D},
  biburl = {https://www.bibsonomy.org/bibtex/2a6e77a38c13e374ab250e13ae22993ec/thoni},
  booktitle = {EMNLP},
  interhash = {29813227df1eea94efa14c7df2b5553a},
  intrahash = {a6e77a38c13e374ab250e13ae22993ec},
  keywords = {deeplearning deepwiki glove semantic},
  pages = {1532--1543},
  timestamp = {2016-09-06T08:23:07.000+0200},
  title = {Glove: Global Vectors for Word Representation.},
  volume = 14,
  year = 2014
}

@article{fasttext,
  author    = {Armand Joulin and
               Edouard Grave and
               Piotr Bojanowski and
               Tomas Mikolov},
  title     = {Bag of Tricks for Efficient Text Classification},
  journal   = {CoRR},
  volume    = {abs/1607.01759},
  year      = {2016},
  url       = {http://arxiv.org/abs/1607.01759},
  archivePrefix = {arXiv},
  eprint    = {1607.01759},
  timestamp = {Wed, 07 Jun 2017 14:42:39 +0200},
  biburl    = {https://dblp.org/rec/bib/journals/corr/JoulinGBM16},
  bibsource = {dblp computer science bibliography, https://dblp.org}
}

@article{lexicon_paper,
    author = {Olga Kolchyna and
              Tharsis T.P. Souza and
              Philip Treleaven and
              Tomaso Aste},
    title = {Twitter Sentiment Analysis: Lexicon Method,
             Machine Learning Method and Their Combination},
    year = {2015},
    volume={abs/1507.00955},
    url = {http://arxiv.org/abs/1507.00955},
    archivePrefix = {arXiv},
    eprint  = {1507.00955}
}

@misc{chollet2015keras,
  title={Keras},
  author={Chollet, Fran\c{c}ois and others},
  year={2015},
  howpublished={\url{https://keras.io}}
}

@article{mohammed-semeval,
  author    = {Mohammed Jabreel and
               Antonio Moreno},
  title     = {EiTAKA at SemEval-2018 Task 1: An Ensemble of N-Channels ConvNet and
               XGboost Regressors for Emotion Analysis of Tweets},
  journal   = {CoRR},
  volume    = {abs/1802.09233},
  year      = {2018},
  url       = {http://arxiv.org/abs/1802.09233},
  archivePrefix = {arXiv},
  eprint    = {1802.09233},
  timestamp = {Fri, 02 Mar 2018 13:46:22 +0100},
  biburl    = {https://dblp.org/rec/bib/journals/corr/abs-1802-09233},
  bibsource = {dblp computer science bibliography, https://dblp.org}
}

@misc{nrcic,
    title={The Sentiment and Emotion Lexicons},
    author={Mohammed Jabreel},
    year={2016},
    howpublished={\url{http://sentiment.nrc.ca/lexicons-for-research/}}
}

